
@article{sim2007modal,
  title={Modal analysis of structures with uncertain-but-bounded parameters via interval analysis},
  author={Sim, JongSok and Qiu, Zhiping and Wang, Xiaojun},
  journal={Journal of Sound and Vibration},
  volume={303},
  number={1-2},
  pages={29--45},
  year={2007},
  publisher={Elsevier}
}

@article{dimarogonas1995interval,
  title={Interval analysis of vibrating systems},
  author={Dimarogonas, Andrew D},
  journal={Journal of Sound and Vibration},
  volume={183},
  number={4},
  pages={739--749},
  year={1995},
  publisher={Elsevier}
}

@article{zhou2021subcritical,
  title={Subcritical and supercritical nonlinear aeroelastic behavior of a morphing wing with bilinear hinge stiffness},
  author={Zhou, Xinghua and Huang, Rui},
  journal={Communications in Nonlinear Science and Numerical Simulation},
  pages={105946},
  year={2021},
  publisher={Elsevier}
}

@article{danowsky2013nonlinear,
  title={Nonlinear analysis of aeroservoelastic models with free play using describing functions},
  author={Danowsky, Brian and Thompson, Peter M and Kukreja, Sunil},
  journal={Journal of Aircraft},
  volume={50},
  number={2},
  pages={329--336},
  year={2013},
  publisher={American Institute of Aeronautics and Astronautics}
}
@inproceedings{danowsky2004formulation,
  title={Formulation of an Aircraft Structural Uncertainty Model for Robust Flutter Predictions},
  author={Danowsky, Brian and Chavez, Frank and Brenner, Marty},
  booktitle={45th AIAA/ASME/ASCE/AHS/ASC Structures, Structural Dynamics \& Materials Conference},
  pages={1853},
  year={2004}
}


@book{wright2008introduction,
  title={Introduction to aircraft aeroelasticity and loads},
  author={Wright, Jan Robert and Cooper, Jonathan Edward},
  volume={20},
  year={2008},
  publisher={John Wiley \& Sons}
}

@article{teunisse2017reduced,
  title={Reduced basis methods for structurally nonlinear Joined Wings},
  author={Teunisse, Nick and Demasi, Luciano and Tiso, Paolo and Cavallaro, Rauno},
  journal={Aerospace Science and Technology},
  year={2017},
  publisher={Elsevier}
}
