% ------------------------------------------------------------------
% Topic: vz
@inproceedings{shoemake1985animating,
  title={Animating rotation with quaternion curves},
  author={Shoemake, Ken},
  booktitle={Proceedings of the 12th annual conference on Computer graphics and interactive techniques},
  pages={245--254},
  doi = {10.1115/1.4009489},
  year={1985}
}
% ------------------------------------------------------------------
% Topic: dlm

@book{demasi2024introduction,
author={Demasi, Luciano},
title={Introduction to Unsteady Aerodynamics and Dynamic Aeroelasticity},
year={2024},
publisher={Springer Nature Switzerland},
isbn={978-3-031-50053-4},
doi={10.1007/978-3-031-50054-1}
}


@book{yates1960some,
  title={Some effects of variations in density and aerodynamic parameters on the calculated flutter characteristics of finite-span swept and unswept wings at subsonic and supersonic speeds},
  author={Yates, Edward Carson},
  year={1960},
  publisher={National Aeronautics and Space Administration}
}

@article{goland1945flutter,
  title={The flutter of a uniform cantilever wing},
  author={Goland, Martin},
  month={Dec.},
  year={1945},
  journal={Journal of Applied Mechanics},
  publisher={American Society of Mechanical Engineers}
}

@techreport{giesing1972subsonic_p2v1,
  title={Subsonic Unsteady Aerodynamics for General Configurations. Part 2. Volume 1. Application of the Doublet-Lattice Method and the Method of Images to Lifting-Surface/Body Interference},
  author={Giesing, Joseph P and Kalman, Terez P and Rodden, William P},
  year={1972},
  institution={DOUGLAS AIRCRAFT CO LONG BEACH CA}
}

@techreport{giesing1972subsonic_p2v2,
  title={Subsonic Unsteady Aerodynamics for General Configurations. Part 2. Volume 2. Application of the Doublet-Lattice Method and the Method of Images to Lifting-Surface/Body Interference},
  author={Giesing, Joseph P and Kalman, Terez P and Rodden, William P},
  year={1972},
  institution={DOUGLAS AIRCRAFT CO LONG BEACH CA}
}

@techreport{giesing1972subsonic,
  title={Subsonic Unsteady Aerodynamics for General Configurations. Part 2. Volume 2. Computer Program N5KA},
  author={Giesing, Joseph P and Kalman, Terez P and Rodden, William P},
  year={1972},
  institution={DOUGLAS AIRCRAFT CO LONG BEACH CA}
}

% The pdf I have is from the conference - need to get this one from the Journal
% errata: vol 7 no. 11, p. 2102, see albano_errata.png
@article{albano1969doublet,
  title={A doublet-lattice method for calculating lift distributions on oscillating surfaces in subsonic flows.},
  author={Albano, Edward and Rodden, William P},
  journal={AIAA journal},
  volume={7},
  number={2},
  pages={279--285},
  year={1969}
}

@techreport{blair1992compilation,
  title={A compilation of the mathematics leading to the doublet lattice method},
  author={Blair, Max},
  year={1992},
  institution={WRIGHT LAB WRIGHT-PATTERSON AFB OH}
}

@inproceedings{weimin2019distributing,
  title={Distributing Three-Dimensional Aerodynamic Load to Fem Nodes},
  author={Weimin, Sun},
  booktitle={MATEC Web of Conferences},
  volume={293},
  pages={04006},
  year={2019},
  organization={EDP Sciences}
}

% ------------------------------------------------------------------
% Topic: whirl

@techreport{johnson1974dynamics,
  title={Dynamics of tilting proprotor aircraft in cruise flight},
  author={Johnson, Wayne},
  year={1974}
}

@article{kim2009analysis,
  title={Analysis of tiltrotor whirl flutter in time and frequency domain},
  author={Kim, Taeseong and Shin, SangJoon and Kim, Taehyoun},
  journal={Journal of mechanical science and technology},
  volume={23},
  pages={3281--3291},
  year={2009},
  publisher={Springer}
}

@article{meirovitch1974new,
  title={A new method of solution of the eigenvalue problem for gyroscopic systems},
  author={Meirovitch, Leonard},
  journal={AiAA Journal},
  volume={12},
  number={10},
  pages={1337--1342},
  year={1974}
}

@misc{lockheedcrash,
	key={lockheed},
	title={Lockheed Electra Crashes},
	year={1960},
	publisher={Aviation Safety},
	howpublished="\url{https://www.aviation-safety.net/database/record.php?id=19600317-0}",
}

@techreport{ribner1943propellers,
  title={Propellers in yaw},
  author={Ribner, Herbert S},
  institution={NACA Langley Memorial Aeronautical Laboratory},
  address={Langley Field, Va.},
  year={1943},
  number={NACA ARR 3L09}
}

@techreport{keith1993aeroelastic,
  title={Aeroelastic stability and response of rotating structures},
  author={Keith, Theo G},
  number={NASA-CR-191803},
  year={1993}
}

@techreport{reed1961analytical,
  title={An analytical treatment of aircraft propeller precession instability},
  author={Reed III, Wilmer H and Bland, Samuel R},
  institution={NASA},
  address={Langley Research Center, Hampton, VA, USA},
  number={NASA-TN D-659},
  year={1961}
}

@article{mair2021stability,
  title={Stability analysis of whirl flutter in rotor-nacelle systems with freeplay nonlinearity},
  author={Mair, Christopher and Titurus, Branislav and Rezgui, Djamel},
  journal={Nonlinear Dynamics},
  volume={104},
  number={1},
  pages={65--89},
  year={2021},
  publisher={Springer}
}

@book{cecrdle2015whirl,
  title={Whirl flutter of turboprop aircraft structures},
  author={Cecrdle, Jiri},
  year={2015},
  publisher={Woodhead Publishing}
}
% ------------------------------------------------------------------
% Topic: wind turbines (./wind) {

@article{sahin2022aeroelastic,
  title={Aeroelastic Analysis of Straight-bladed Vertical Axis Wind Turbine Blade},
  author={Sahin, Ahmet Z and Ouakad, Hassen M and Bahaidarah, Haitham},
  journal={FME Transactions},
  volume={50},
  number={3},
  pages={513},
  year={2022}
}

@phdthesis{meyer1982aeroelastic,
  title={Aeroelastic Analysis of the Darrieus Wind Turbine},
  author={Meyer, Edward Earnest},
  school={Oregon State University},
  address={Corvallis, Oregon, USA},
  year={1982}
}

@article{meyer1983aeroelastic,
  title={Aeroelastic Analysis of the Darrieus Wind Turbine},
  author={Meyer, Edward E. and Smith, Charles E.},
  journal={Journal of energy},
  volume={7},
  number={6},
  pages={491--497},
  year={1983}
}

@misc{li2011ambient,
  title={Ambient wind energy harvesting using cross-flow fluttering},
  author={Li, Shuguang and Yuan, Jianping and Lipson, Hod},
  year={2011},
  publisher={AIP}
}

% ------------------------------------------------------------------
% Topic: time-domain (./time) {

@article{bueno2021note,
  title={A note on the state space representation of aeroelastic systems for time domain analysis},
  author={Bueno, Douglas D and Dowell, Earl H},
  journal={Journal of Fluids and Structures},
  volume={104},
  pages={103294},
  year={2021},
  publisher={Elsevier}
}

@techreport{dunn1980analytical,
  title={An analytical technique for approximating unsteady aerodynamics in the time domain},
  author={Dunn, HJ},
  year={1980}
}

@article{ribeiro2020enhancement,
  title={Enhancement to Least Square-Based Approach for Time-Domain Unsteady Aerodynamic Approximation},
  author={Ribeiro, Frederico A and Dowell, Earl H and Bueno, Douglas D},
  journal={Journal of Aircraft},
  pages={1--14},
  year={2020},
  publisher={American Institute of Aeronautics and Astronautics}
}

@techreport{tiffany1988nonlinear,
  title={Nonlinear programming extensions to rational function approximation methods for unsteady aerodynamic forces},
  author={Tiffany, Sherwood H and Adams Jr, William M},
  institution={NASA},
  address={Langley Research Center, Hampton, VA, USA},
  type={TP},
  number={2776},
  year={1988}
}
% ------------------------------------------------------------------
% Topic: flutter (./flutter) {

@inproceedings{jacobson2020frequency,
  title={Frequency-Domain Flutter Analysis and Sensitivities with Stabilized Finite Elements},
  author={Jacobson, K and Stanford, B and Wood, S and Anderson, W},
  booktitle={AIAA SciTech Forum, AIAA Paper},
  volume={403},
  year={2020}
}

@techreport{cunningham1984generalization,
  title={Generalization of the subsonic kernel function in the s-plane, with applications to flutter analysis},
  author={Cunningham, Herbert J and Desmarais, Robert N},
  year={1984}
}

% hardcopy only - alternative to RFA?
@article{hounjet2009h,
  title={H Flutter Analysis: A Direct Harmonic Interpolation Method},
  author={Hounjet, Micha{\"e}l HL},
  journal={Journal of aircraft},
  volume={46},
  number={1},
  pages={348--352},
  year={2009}
}

% hardcopy only
@article{goodman2001accurate,
  title={Accurate subcritical damping solution of flutter equation using piecewise aerodynamic function},
  author={Goodman, Charles},
  journal={Journal of Aircraft},
  volume={38},
  number={4},
  pages={755--763},
  year={2001}
}

@article{desmarais1974automated,
  title={An automated procedure for computing flutter eigenvalues},
  author={Desmarais, Robert N and Bennett, Robert M},
  journal={Journal of Aircraft},
  volume={11},
  number={2},
  pages={75--80},
  year={1974}
}

@article{mendez2019application,
  title={An application of HODMD to predict flutter using NeoCASS},
  author={Mendez, Carlos and Le Clainche Martinez, Soledad and Moreno-Ramos, Rub{\'e}n and Vega de Prada, Jos{\'e} M},
  year={2019},
  publisher={Espacio}
}

@techreport{yates1987agard,
  title={AGARD standard aeroelastic configurations for dynamic response. Candidate configuration I.-wing 445.6},
  author={Yates Jr, E Carson},
  year={1987}
}

@article{yates1989agard,
  title={AGARD standard aeroelastic configurations for dynamic response},
  author={Yates Jr, E Carson},
  journal={Transonic Unsteady Aerodynamics and Aeroelasticity 1987, Part 1},
  year={1989}
}

% finds flutter pt via multiparameter soln method, then continuation of the
% pseudospectral parameter
@article{pons2022pseudospectral,
  title={Pseudospectral continuation for aeroelastic stability analysis},
  author={Pons, Arion},
  journal={Journal of Vibration and Acoustics},
  volume={144},
  number={4},
  pages={044501},
  year={2022},
  publisher={American Society of Mechanical Engineers}
}

% incomplete pdf file:
@article{kholodar2022aircraft,
  title={Aircraft Flutter and Aerodynamic Work},
  author={Kholodar, Denis B},
  journal={Journal of Aircraft},
  pages={1--10},
  year={2022},
  publisher={American Institute of Aeronautics and Astronautics}
}

@article{pons2017multiparameter,
  title={Multiparameter solution methods for semistructured aeroelastic flutter problems},
  author={Pons, Arion and Gutschmidt, Stefanie},
  journal={AIAA Journal},
  volume={55},
  number={10},
  pages={3530--3538},
  year={2017},
  publisher={American Institute of Aeronautics and Astronautics}
}

@article{pons2018multiparameter,
  title={Multiparameter spectral analysis for aeroelastic instability problems},
  author={Pons, Arion and Gutschmidt, Stefanie},
  journal={Journal of Applied Mechanics},
  volume={85},
  number={6},
  year={2018},
  publisher={American Society of Mechanical Engineers Digital Collection}
}

% not published
@article{ponsflutter,
  title={Flutter pseudospectra and pseudospectral continuation},
  author={Pons, Arion}
}

% AGARD 445.6 wing
@article{liu2001calculation,
  title={Calculation of wing flutter by a coupled fluid-structure method},
  author={Liu, F and Cai, J and Zhu, Y and Tsai, HM and Wong, ASF},
  journal={Journal of aircraft},
  volume={38},
  number={2},
  pages={334--342},
  year={2001}
}

@book{hodges2011introduction,
  title={Introduction to structural dynamics and aeroelasticity},
  author={Hodges, Dewey H and Pierce, G Alvin},
  volume={15},
  year={2011},
  publisher={cambridge university press}
}

@article{kim2019flutter,
  title={Flutter prediction methodology based on dynamic eigen decomposition and frequency-domain stability},
  author={Kim, Taehyoun},
  journal={Journal of Fluids and Structures},
  volume={86},
  pages={354--367},
  year={2019},
  publisher={Elsevier}
}

@inproceedings{meyer1988application,
  title={Application of a new Continuation Method to Flutter Equations},
  author={Meyer, Edward E.},
  booktitle={29th AIAA Structures, Structural Dynamics, and Materials Conference},
  address={Williamsburg, VA, USA},
  year={1988},
  doi = {10.2514/6.1988-2350},
  class={flutter}
}

% I have hardcopy only:
@article{beheshtinia2017viscous,
  title={Viscous damping effect on the aeroelastic stability of subsonic wings: Introduction of the U--K method},
  author={Beheshtinia, Farshad and Firouz-Abadi, Rohollah Dehghani and Rahmanian, Mohammad},
  journal={Journal of Fluids and Structures},
  volume={73},
  pages={1--15},
  year={2017},
  publisher={Elsevier}
}

@article{chueshov2016mathematical,
  title={Mathematical aeroelasticity: a survey},
  author={Chueshov, Igor and Dowell, Earl H and Lasiecka, Irena and Webster, Justin T},
  journal={Mathematics in Engineering, Science \& Aerospace},
  volume={7},
  number={1},
  pages={5--29},
  year={2015}
}

@book{bisplinghoff1955aeroelasticity,
  title={Aeroelasticity},
  author={Bisplinghoff, Raymond L and Ashley, Holt and Halfman, Robert L},
  year={1955},
  publisher={Addison-Wesley},
  address={Reading, Mass.}
}

@book{scanlan1951introduction,
  title={Introduction to the study of Aircraft Vibration and Flutter},
  author={Scanlan, Robert H and Rosenbaum, Robert},
  year={1951},
  publisher={Macmillan}
}

@article{quero2021generalized,
  title={A generalized eigenvalue solution to the flutter stability problem with true damping: The pL method},
  author={Quero, David and Vuillemin, Pierre and Poussot-Vassal, Charles},
  journal={Journal of Fluids and Structures},
  volume={103},
  pages={103266},
  year={2021},
  publisher={Elsevier}
}

@article{chen2000damping,
  title={Damping Perturbation Method for Flutter Solution: the g-Method},
  author={Chen, P. C.},
  journal={AIAA Journal},
  volume={38},
  number={9},
  year={2000},
  pages={1519--1524},
  publisher={American Institute of Aeronautics and Astronautics},
  doi={10.2514/2.1171}
}

@article{cardani1978continuation,
  title={Continuation and direct solution of the flutter equation},
  author={Cesare Cardani and Paolo Mantegazza},
  journal={Computers \& Structures},
  volume={8},
  number={2},
  pages={185--192},
  year={1978},
  publisher={Elsevier}
}

@article{hassig1971approximate,
  title={An Approximate True Damping Solution of the Flutter Equation by Determinant Iteration.},
  author={Hassig, Hermann J},
  journal={Journal of Aircraft},
  volume={8},
  number={11},
  pages={885--889},
  year={1971},
  doi = {10.2514/3.44311}
}

@article{van2001divergence,
  title={Divergence and the pk Flutter Equation},
  author={van Zyl, Louw H and Maserumule, Motodi S},
  journal={Journal of Aircraft},
  volume={38},
  number={3},
  pages={584--586},
  year={2001},
  doi={10.2514/2.2805}
}

@article{eldred1995new,
  title={New mode tracking methods in aeroelastic analysis},
  author={Eldred, MS and Venkayya, VB and Anderson, WJ},
  journal={AIAA journal},
  volume={33},
  number={7},
  year={1995},
  pages={1292--1299},
  publisher={AMERICAN INST OF AERONAUTICS AND ASTRONAUTICS}
}

@article{bhatia2003airplane,
  title={Airplane aeroelasticity: practice and potential},
  author={Bhatia, Kumar G},
  journal={Journal of aircraft},
  volume={40},
  number={6},
  pages={1010--1018},
  year={2003},
  publisher={AMERICAN INST OF AERONAUTICS AND ASTRONAUTICS}
}

@book{wright2008introduction,
  title={Introduction to aircraft aeroelasticity and loads},
  author={Wright, Jan Robert and Cooper, Jonathan Edward},
  volume={20},
  year={2008},
  publisher={John Wiley \& Sons}
}

@article{meyer2014unified,
  title={Unified Approach to Flutter Equations},
  author={Meyer, Edward E.},
  journal={AIAA Journal},
  volume={52},
  number={3},
  pages={627--633},
  year={2014},
  publisher={American Institute of Aeronautics and Astronautics},
  doi = {10.2514/1.J052554}
}

@inproceedings{huttsell2001evaluation,
  title={Evaluation of computational aeroelasticity codes for loads and flutter},
  author={Huttsell, Larry and Schuster, Dave and Volk, John and Giesing, Joe and Love, Mike},
  booktitle={39th Aerospace Sciences Meeting and Exhibit},
  pages={569},
  year={2001}
}

@article{patil2004incorrectness,
  title={Incorrectness of the k method for flutter calculations},
  author={Patil, Mayuresh J and Yurkovich, Rudolph N and Hodges, Dewey H},
  journal={Journal of aircraft},
  volume={41},
  number={2},
  pages={402--405},
  year={2004}
}

% uses GAAM but no reference or description of the method:
@article{edwards2008flutter,
  title={Flutter and divergence analysis using the generalized aeroelastic analysis method},
  author={Edwards, John W and Wieseman, Carol D},
  journal={Journal of Aircraft},
  volume={45},
  number={3},
  pages={906--915},
  year={2008},
  class={flutter},
  doi={10.2514/1.30078}
}

@article{back1997convergence,
  title={Convergence of methods for nonlinear eigenvalue problems},
  author={B{\"a}ck, P and Ringertz, UT},
  journal={AIAA Journal},
  volume={35},
  number={6},
  pages={1084--1087},
  year={1997}
}

@inbook{trefethen1991pseudospectra,
	title={Pseudospectra of matrices},
	author={Trefethen, Lloyd N.},
	booktitle={Numerical Analysis},
	bookeditor={Griffiths, D. F. and Watson, G. A.},
	publisher={Longman Scientific and Technical},
	year={1991},
	address={Essex, United Kingdom},
	pages={234--265}
}

@article{trefethen1999computation,
  title={Computation of pseudospectra},
  author={Trefethen, Lloyd N},
  journal={Acta numerica},
  volume={8},
  pages={247--295},
  year={1999},
  publisher={Cambridge University Press}
}

# cites my papers
@unpublished{pons2017flutter,
	title={Flutter pseudospectra and pseudospectral continuation},
	author={Pons, Arion},
	year={2017},
	howpublished="\url{https://researchgate.net/}",
  class={flutter}
}

@article{pons2016aeroelastic,
  title={Aeroelastic flutter of continuous systems: A generalized laplace transform method},
  author={Pons, Arion and Gutschmidt, Stefanie},
  journal={Journal of Applied Mechanics},
  volume={83},
  number={8},
  year={2016},
  publisher={American Society of Mechanical Engineers Digital Collection}
}

% direct solution of flutter points by multipar eigenvalue solns
@article{pons2017multiparameter,
  title={Multiparameter Solution Methods for Semistructured Aeroelastic Flutter Problems},
  author={Pons, Arion and Gutschmidt, Stefanie},
  journal={AIAA Journal},
  pages={1--9},
  year={2017},
  publisher={American Institute of Aeronautics and Astronautics}
}

@article{livne2003future,
  title={Future of airplane aeroelasticity},
  author={Livne, Eli},
  journal={Journal of Aircraft},
  volume={40},
  number={6},
  pages={1066--1092},
  year={2003}
}

@article{friedmann1999renaissance,
  title={Renaissance of aeroelasticity and its future},
  author={Friedmann, Peretz P},
  journal={Journal of Aircraft},
  volume={36},
  number={1},
  pages={105--121},
  year={1999}
}

@book{lawrence1970comparison,
  title={Comparison of different methods of assessing the free oscillatory characteristics of aeroelastic systems},
  author={Lawrence, A Jocelyn and Jackson, P},
  year={1970},
  publisher={HM Stationery Office}
}

% has a critique of my 1988 SDM paper:
@article{amsallem2015linearized,
  title={Linearized Aeroelastic Computations in the Frequency Domain Based on Computational Fluid Dynamics},
  author={Amsallem, David and Neumann, Daniel and Choi, Youngsoo and Farhat, Charbel},
  journal={arXiv preprint arXiv:1506.07441},
  year={2015}
}

@article{zimmerman1964prediction,
  title={Prediction of flutter onset speed based on flight testing at subcritical speeds},
  author={Zimmerman, Norman H. and Weissenburger, Jason T.},
  journal={J. AIRCRAFT},
  volume={1},
  number={4},
  year={1964}
}

@article{fujino2003flutter,
  title={Flutter characteristics of an over-the-wing engine mount business-jet configuration},
  author={Fujino, Michimasa and Oyama, Hiroki and Omotani, Hideo},
  journal={AIAA Paper},
  volume={1942},
  pages={2003},
  year={2003}
}

% } flutter

% ------------------------------------------------------------------
% Topic: continuation (./continuation) {

% like our continuation optimization?
@inproceedings{schutze2005continuation,
  title={On continuation methods for the numerical treatment of multi-objective optimization problems},
  author={Sch{\"u}tze, Oliver and Dell'Aere, Alessandro and Dellnitz, Michael},
  booktitle={Dagstuhl Seminar Proceedings},
  year={2005},
  organization={Schloss Dagstuhl-Leibniz-Zentrum f{\"u}r Informatik}
}

@article{aruliah2016algorithm,
  title={Algorithm 956: PAMPAC, a parallel adaptive method for pseudo-arclength continuation},
  author={Aruliah, Dhavide A and Veen, Lennaert Van and Dubitski, Alex},
  journal={ACM Transactions on Mathematical Software (TOMS)},
  volume={42},
  number={1},
  pages={1--18},
  year={2016},
publisher = {Association for Computing Machinery},
address = {New York, NY, USA},
doi = {10.1145/2714570},
}

@book{allgower1990numerical,
  title={Numerical Continuation Methods: an Introduction},
  author={Allgower, Eugene L and Georg, Kurt},
  volume={13},
  year={1990},
  publisher={Springer Series in Computational Mathematics},
  address={Berlin},
  doi={10.1007/978-3-642-61257-2}
}

@article{rheinboldt2000numerical,
  title={Numerical continuation methods: a perspective},
  author={Rheinboldt, Werner C},
  journal={Journal of computational and applied mathematics},
  volume={124},
  number={1},
  pages={229--244},
  year={2000},
  publisher={Elsevier}
}

@article{rheinboldt1983algorithm,
  title={Algorithm 596: a Program for a Locally Parameterized Continuation Process},
  author={Rheinboldt, Werner C and Burkardt, John V},
  journal={ACM Transactions on Mathematical Software (TOMS)},
  volume={9},
  number={2},
  pages={236--241},
  year={1983},
  publisher={ACM New York, NY, USA}
}

@article{lundberg1991variable,
  title={Variable order Adams-Bashforth predictors with an error-stepsize control for continuation methods},
  author={Lundberg, Bruce N and Poore, Aubrey B},
  journal={SIAM journal on scientific and statistical computing},
  volume={12},
  number={3},
  pages={695--723},
  year={1991},
  publisher={SIAM}
}

@article{rheinboldt1983locally,
  title={A locally parameterized continuation process},
  author={Rheinboldt, Werner C and Burkardt, John V},
  journal={ACM Transactions on Mathematical Software (TOMS)},
  volume={9},
  number={2},
  pages={215--235},
  year={1983},
  publisher={ACM},
  doi = {10.1145/357456.357460}
}

@article{rheinboldt1981numerical,
  title={Numerical analysis of continuation methods for nonlinear structural problems},
  author={Rheinboldt, Werner C},
  journal={Computers \& Structures},
  volume={13},
  number={1-3},
  pages={103--113},
  year={1981},
  publisher={Elsevier}
}

% I have this book (red cover) does not seem to have a doi
@book{rheinboldt1986numerical,
  title={Numerical Analysis of Parametrized Nonlinear Equations},
  author={Rheinboldt, Werner C},
  year={1986},
  publisher={Wiley-Interscience}
}

@article{denheijer1981steplength,
  title={On Steplength Algorithms for a Class of Continuation Methods},
  author={den Heijer, Cor and Rheinboldt, Werner C.},
  journal={SIAM Journal on Numerical Analysis},
  volume={18},
  number={5},
  pages={925--948},
  year={1981},
  publisher={SIAM},
  doi={10.1137/0718066}
}

% } continuation

% ------------------------------------------------------------------
% Topic: uncertainty (./uncert) {

@book{neumaier1990interval,
  title={Interval methods for systems of equations},
  author={Neumaier, Arnold},
  number={37},
  year={1990},
  publisher={Cambridge university press}
}

@article{neumaier2003taylor,
  title={Taylor forms—use and limits},
  author={Neumaier, Arnold},
  journal={Reliable computing},
  volume={9},
  number={1},
  pages={43--79},
  year={2003},
  publisher={Springer}
}

@article{keyanpour2018solution,
  title={A solution algorithm for a system of interval linear equations based on the constraint interval point of view},
  author={Keyanpour, M and Taber, M Mohaghegh and Lodwick, W},
  journal={Realible computing},
  volume={26},
  pages={1--9},
  year={2018}
}

@article{kolberg2011efficient,
  title={Efficient Parallel Solvers for Large Dense Systems of Linear Interval Equations.},
  author={Kolberg, Mariana Luderitz and Kr{\"a}mer, Walter and Zimmer, Michael},
  journal={Reliab. Comput.},
  volume={15},
  number={3},
  pages={193--206},
  year={2011},
  publisher={Citeseer}
}

@article{dimarogonas1995interval,
  title={Interval analysis of vibrating systems},
  author={Dimarogonas, Andrew D},
  journal={Journal of Sound and Vibration},
  volume={183},
  number={4},
  pages={739--749},
  year={1995},
  publisher={Elsevier}
}

@article{neumaier2002grand,
  title={Grand challenges and scientific standards in interval analysis},
  author={Neumaier, Arnold},
  journal={Reliable Computing},
  volume={8},
  number={4},
  pages={313--320},
  year={2002},
  publisher={Springer}
}

@mastersthesis{lokatt2014method,
	title={A method for efficient flutter analysis of systems with uncertain modeling parameters},
	author={Lokatt, Mikaela},
	school={Royal Institute of Technology},
	year={2014}
}

@article{lokatt2017aeroelastic,
	title={aeroelastic flutter analysis considering modeling uncertainties},
	author={Lokatt, Mikaela},
	journal={Journal of fluids and Structures},
	month={July},
	year={2017},
	doi={10.1016/j.jfluidstructs.2017.06.017},
}

@article{wu2017alternative,
  title={Alternative Aerodynamic Uncertainty Modeling Approaches for Flutter Reliability Analysis},
  author={Wu, Sang and Livne, Eli},
  journal={AIAA Journal},
  year={2017},
  publisher={American Institute of Aeronautics and Astronautics}
}

@article{chen2012incremental,
  title={Incremental harmonic balance method for nonlinear flutter of an airfoil with uncertain-but-bounded parameters},
  author={Chen, YM and Liu, JK and Meng, G},
  journal={Applied Mathematical Modelling},
  volume={36},
  number={2},
  pages={657--667},
  year={2012},
  publisher={Elsevier}
}

@inproceedings{chung2008new,
  title={A new robust aeroelastic analysis including aerodynamic uncertainty from varying Mach numbers},
  author={Chung, C and Shin, S and Kim, Taehyoun},
  booktitle={AIAA Structures, Structural Dynamics, and Materials Conference, Schaumburg, IL},
  year={2008},
  class={uncert}
}

@inproceedings{schwochow2009robust,
  title={Robust flutter analysis using interval modal analysis and continuation method},
  author={Schwochow, Jan},
  booktitle={International Forum on Aeroelasticity and Structural Dynamics, June},
  pages={21--25},
  year={2009}
}

% robust stability: guaranteed if uncertainties do not destabilize
@article{schwochow2010uncertainty,
  title={Uncertainty Propagation in Flutter Analysis},
  author={Schwochow, Jan},
  journal={CESAR-Final Report on Optimized Analytical and Experimental Approaches and Improved Methods for Reliable and Fast Prediction of Aeroelastic Stability},
  year={2010},
  publisher={VZLU-Vyzkumny a zkusebni letecky ustav},
  class={uncert}
}

% freqs, modes, frf
@article{sim2007modal,
  title={Modal analysis of structures with uncertain-but-bounded parameters via interval analysis},
  author={Sim, JongSok and Qiu, Zhiping and Wang, Xiaojun},
  journal={Journal of Sound and Vibration},
  volume={303},
  number={1},
  pages={29--45},
  year={2007},
  publisher={Elsevier},
  class={uncert}
}

@article{khodaparast2010propagation,
  title={Propagation of structural uncertainty to linear aeroelastic stability},
  author={Khodaparast, Hamed Haddad and Mottershead, John E and Badcock, Kenneth J},
  journal={Computers \& structures},
  volume={88},
  number={3},
  pages={223--236},
  year={2010},
  publisher={Elsevier},
  class={uncert}
}

% monte-carlo:
@inproceedings{kurdi2007uncertainty,
  title={Uncertainty quantification of the Goland wing’s flutter boundary},
  author={Kurdi, Mohammad and Lindsley, Ned and Beran, Philip},
  booktitle={AIAA Atmospheric Flight Mechanics Conference and Exhibit},
  pages={20--23},
  year={2007},
  organization={AIAA Hilton Head, SC},
  class={uncert}
}

@article{pettit2004uncertainty,
  title={Uncertainty quantification in aeroelasticity: recent results and research challenges},
  author={Pettit, Chris L},
  journal={Journal of Aircraft},
  volume={41},
  number={5},
  pages={1217--1229},
  year={2004},
  class={uncert}
}

% non-parametric stochastic modeling:
@article{wang2008flutter,
  title={Flutter analysis with structural uncertainty by using CFD based aerodynamic ROM},
  author={Wang, Zhicun and Zhang, Zhichao and Lee, DH and Chen, PC and Liu, DD and Mignolet, MP},
  journal={AIAA paper},
  volume={2197},
  pages={7--10},
  year={2008},
  class={uncert}
}

@book{bijl2013uncertainty,
  title={Uncertainty quantification in computational fluid dynamics},
  author={Bijl, Hester and Lucor, Didier and Mishra, Siddharta and Schwab, Christoph},
  volume={92},
  year={2013},
  publisher={Springer Science \& Business Media},
  class={uncert}
}

@article{pettit2003effects,
  title={Effects of parametric uncertainty on airfoil limit cycle oscillation},
  author={Pettit, Chris L and Beran, Philip S},
  journal={Journal of Aircraft},
  volume={40},
  number={5},
  pages={1004--1006},
  year={2003},
  class={uncert}
}

@article{attar2006stochastic,
  title={Stochastic analysis of a nonlinear aeroelastic model using the response surface method},
  author={Attar, Peter J and Dowell, Earl H},
  journal={Journal of Aircraft},
  volume={43},
  number={4},
  pages={1044--1052},
  year={2006},
  class={uncert}
}

@article{sarkar2009effect,
  title={Effect of uncertainty on the bifurcation behavior of pitching airfoil stall flutter},
  author={Sarkar, S and Witteveen, JAS and Loeven, A and Bijl, H},
  journal={Journal of Fluids and Structures},
  volume={25},
  number={2},
  pages={304--320},
  year={2009},
  publisher={Elsevier},
  class={uncert}
}

@article{witteveen2007modeling,
  title={Modeling physical uncertainties in dynamic stall induced fluid--structure interaction of turbine blades using arbitrary polynomial chaos},
  author={Witteveen, Jeroen AS and Sarkar, Sunetra and Bijl, Hester},
  journal={Computers \& structures},
  volume={85},
  number={11},
  pages={866--878},
  year={2007},
  publisher={Elsevier},
  class={uncert}
}

@article{hayes2015prediction,
  title={Prediction of limit cycle oscillations under uncertainty using a Harmonic Balance method},
  author={Hayes, Richard and Marques, Sim{\~a}o P},
  journal={Computers \& Structures},
  volume={148},
  pages={1--13},
  year={2015},
  publisher={Elsevier},
  class={uncert}
}

@article{riley2011quantification,
  title={Quantification of modeling uncertainty in aeroelastic analyses},
  author={Riley, Matthew E and Grandhi, Ramana V and Kolonay, Raymond},
  journal={Journal of Aircraft},
  volume={48},
  number={3},
  pages={866--873},
  year={2011},
  class={uncert}
}

@article{beran2017uncertainty,
  title={Uncertainty Quantification in Aeroelasticity},
  author={Beran, Philip and Stanford, Bret and Schrock, Christopher},
  journal={Annual Review of Fluid Mechanics},
  pages={361--386},
  year={2017},
  doi = {10.1146/annuref-fluid-122414-034441},
  class={uncert}
}

@phdthesis{schwartz1999deterministic,
  title={Deterministic interval uncertainty methods for structural analysis},
  author={Schwartz, David Ira},
  school={State University of New York at Buffalo},
  year={1999},
  class={uncert}
}

@article{modares2013dynamic,
  title={Dynamic analysis of structures with interval uncertainty},
  author={Modares, Mehdi and Mullen, Robert L},
  journal={Journal of Engineering Mechanics},
  volume={140},
  number={4},
  pages={04013011},
  year={2013},
  publisher={American Society of Civil Engineers},
  class={uncert}
}

@article{moens2005survey,
  title={A survey of non-probabilistic uncertainty treatment in finite element analysis},
  author={Moens, David and Vandepitte, Dirk},
  journal={Computer methods in applied mechanics and engineering},
  volume={194},
  number={12},
  pages={1527--1555},
  year={2005},
  publisher={Elsevier},
  class={uncert}
}

@inproceedings{rao2008optimization,
  title={Optimization of Wing Structures for Flutter: An Interval Approach},
  author={Rao, Singiresu S and Majumder, Luna},
  booktitle={49th AIAA/ASME/ASCE/AHS/ASC Structures, Structural Dynamics, and Materials Conference, 16th AIAA/ASME/AHS Adaptive Structures Conference, 10th AIAA Non-Deterministic Approaches Conference, 9th AIAA Gossamer Spacecraft Forum, 4th AIAA Multidisciplinary Design Optimization Specialists Conference},
  pages={1981},
  year={2008},
  class={uncert}
}

@article{elishakoff2014overcoming,
  title={Overcoming overestimation characteristic to classical interval analysis},
  author={Elishakoff, I and Thakkar, K},
  journal={AIAA Journal},
  volume={52},
  number={9},
  pages={2093--2097},
  year={2014},
  publisher={American Institute of Aeronautics and Astronautics},
  class={uncert}
}

@article{rao1997analysis,
  title={Analysis of uncertain structural systems using interval analysis},
  author={Rao, Singiresu S and Berke, L},
  journal={AIAA journal},
  volume={35},
  number={4},
  pages={727--735},
  year={1997},
  class={uncert}
}

@article{neumaier1984new,
  title={New techniques for the analysis of linear interval equations},
  author={Neumaier, Arnold},
  journal={Linear algebra and its applications},
  volume={58},
  pages={273--325},
  year={1984},
  publisher={Elsevier},
  class={uncert}
}
@article{ning1997comparison,
  title={A comparison of some methods for solving linear interval equations},
  author={Ning, Shiying and Kearfott, Ralph Baker},
  journal={SIAM Journal on Numerical Analysis},
  volume={34},
  number={4},
  pages={1289--1305},
  year={1997},
  publisher={SIAM},
  class={uncert}
}
@article{rohn1989systems,
  title={Systems of linear interval equations},
  author={Rohn, Jiri},
  journal={Linear algebra and its applications},
  volume={126},
  pages={39--78},
  year={1989},
  publisher={Elsevier},
  class={uncert}
}
@article{Skalna2003,
	affiliation = {Department of Management, Academy of Mining and Metallurgy, [AGH], ul.Gramatyka 10, 30-067 Cracow, Poland},
	author = {Skalna, I.},
	journal = {Computer Assisted Mechanics and Engineering Sciences},
	keywords = {równanie liniowe},
	language = {English},
	pages = {281-293},
	title = {Methods for solving systems of linear equations of structure mechanics with interval parameters},
	volume = {Vol. 10, No. 3},
	year = {2003},
  class={uncert}
}

@article{gwaltney2008interval,
  title={Interval methods for nonlinear equation solving applications},
  author={Gwaltney, C Ryan and Lin, Youdong and Simoni, Luke D and Stadtherr, Mark A},
  journal={Handbook of Granular Computing. Chichester, UK: Wiley},
  pages={81--96},
  year={2008},
  class={uncert}
}

@article{rohn1998bounds,
  title={Bounds on eigenvalues of interval matrices},
  author={Rohn, J},
  journal={ZAMM-Zeitschrift fur Angewandte Mathematik und Mechanik},
  volume={78},
  number={3},
  pages={S1049},
  year={1998},
  publisher={Berlin, Akademie Verlag [etc.]},
  class={uncert}
}

@book{deif1990adv,
  title={Adv Matrix Theory Sci Eng},
  author={Deif, Assem S},
  year={1990},
  publisher={CRC Press},
  class={uncert}
}

@article{rohn1982algorithm,
  title={An algorithm for solving interval linear systems and inverting interval matrices},
  author={Rohn, J},
  journal={Freiburger Intervall-Berichte},
  volume={82},
  number={5},
  pages={23--36},
  year={1982},
  class={uncert}
}

@inproceedings{franek2015verification,
  author={Franek, P. and M. Krcal},
  title={Verification of zeros in underdetermined systems},
  booktitle={SWIM},
  year={2015},
  class={uncert}
}

@article{hayes2017reducing,
  title={Reducing parametric uncertainty in limit-cycle oscillation computational models},
  author={Hayes, R and Dwight, R and Marques, S},
  journal={The Aeronautical Journal},
  pages={1--30},
  year={2017},
  publisher={Cambridge University Press},
  DOI={10.1017/aer.2017.37},
}

% uncertainity }

% ------------------------------------------------------------------
% Topic: bifurcation (./bifurcation) {


@article{meyer2015continuation,
  title={Continuation and Bifurcation in Linear Flutter Equations},
  author={Meyer, Edward E.},
  journal={AIAA Journal},
  volume={53},
  number={10},
  pages={3113--3116},
  year={2015},
  publisher={American Institute of Aeronautics and Astronautics},
  doi={10.2514/1.J053512}
}

@book{nirenberg1974topics,
  title={Topics in nonlinear functional analysis},
  author={Nirenberg, Louis},
  volume={6},
  year={1974},
  publisher={American Mathematical Soc.}
}

@article{doedel1991numerical,
  title={Numerical analysis and control of bifurcation problems (I): bifurcation in finite dimensions},
  author={Doedel, Eusebius and Keller, Herbert B and Kernevez, Jean Pierre},
  journal={International journal of bifurcation and chaos},
  volume={1},
  number={03},
  pages={493--520},
  year={1991},
  publisher={World Scientific}
}

@article{simpson1975method,
  title={A method for the numerical determination of bifurcation states of nonlinear systems of equations},
  author={Simpson, R Bruce},
  journal={SIAM Journal on Numerical Analysis},
  volume={12},
  number={3},
  pages={439--451},
  year={1975},
  publisher={SIAM}
}

@article{rheinboldt1978numerical,
  title={Numerical methods for a class of finite dimensional bifurcation problems},
  author={Rheinboldt, Werner C},
  journal={SIAM Journal on Numerical Analysis},
  volume={15},
  number={1},
  pages={1--11},
  year={1978},
  publisher={SIAM}
}

@article{keller1987lectures,
  title={Lectures on numerical methods in bifurcation problems},
  author={Keller, Herbert B.},
  journal={Applied Mathematics},
  volume={217},
  pages={50},
  year={1987}
}

@article{neumaier2001generalized,
  title={Generalized Lyapunov--Schmidt reduction for parametrized equations at near singular points},
  author={Neumaier, Arnold},
  journal={Linear Algebra and its Applications},
  volume={324},
  number={1-3},
  pages={119--131},
  year={2001},
  publisher={Elsevier}
}

% bifurcation }

% ------------------------------------------------------------------
% Topic: nl (nonlinear flutter) {

@article{dos2024aerodynamic,
  title={Aerodynamic Nonlinearity Effects on Flight Dynamics of a Very Flexible Flying Wing},
  author={dos Santos, Luiz GP and Cesnik, Carlos ES and Marques, Fl{\'a}vio D},
  journal={AIAA Journal},
  pages={1--12},
  year={2024},
  publisher={American Institute of Aeronautics and Astronautics}
}

@article{hilger2021nonlinear,
  title={Nonlinear aeroelastic simulations and stability analysis of the pazy wing aeroelastic benchmark},
  author={Hilger, Jonathan and Ritter, Markus Raimund},
  journal={Aerospace},
  volume={8},
  number={10},
  pages={308},
  year={2021},
  publisher={MDPI}
}

@article{stanford2024aeroelastic,
  title={Aeroelastic Analysis of Highly Flexible Wings with Linearized Frequency-Domain Aerodynamics},
  author={Stanford, Bret K and Jacobson, Kevin E and Chwalowski, Pawel},
  journal={Journal of Aircraft},
  volume={61},
  number={2},
  pages={365--374},
  year={2024},
  publisher={American Institute of Aeronautics and Astronautics}
}

% pdf 3 my refs
@article{liuyue2024nonlinear,
  title={Nonlinear aeroelastic analysis of a twin-tail boom UAV with rudder freeplay nonlinearities},
  author={Liuyue, BAI and Zhigang, WU and Chao, YANG},
  journal={Chinese Journal of Aeronautics},
  year={2024},
  publisher={Elsevier}
}

@article{doedel2007lecture,
  title={Lecture notes on numerical analysis of nonlinear equations},
  author={Doedel, Eusebius J},
  journal={Numerical Continuation Methods for dynamical systems},
  pages={1--49},
  year={2007},
  publisher={Springer}
}

@article{rajagopal2019chaotic,
  title={Chaotic dynamics of an airfoil with higher-order plunge and pitch stiffnesses in incompressible flow},
  author={Rajagopal, Karthikeyan and Admassu, Yesgat and Weldegiorgis, Riessom and Duraisamy, Prakash and Karthikeyan, Anitha},
  journal={Complexity},
  volume={2019},
  pages={1--10},
  year={2019},
  publisher={Hindawi Limited}
}

@inproceedings{patil1998nonlinear,
  title={Nonlinear aeroelastic analysis of aircraft with high-aspect-ratio wings},
  author={Patil, Mayuresh and Hodges, Dewey and Cesnik, Carlos},
  booktitle={39th AIAA/ASME/ASCE/AHS/ASC Structures, Structural Dynamics, and Materials Conference and Exhibit},
  pages={1955},
  year={1998}
}

@article{patil2001limit,
  title={Limit-cycle oscillations in high-aspect-ratio wings},
  author={Patil, Mayuresh J and Hodges, Dewey H and Cesnik, Carlos ES},
  journal={Journal of fluids and structures},
  volume={15},
  number={1},
  pages={107--132},
  year={2001},
  publisher={Elsevier}
}

@article{riso2023geometrically,
  title={Geometrically nonlinear effects in wing aeroelastic dynamics at large deflections},
  author={Riso, Cristina and Cesnik, Carlos ES},
  journal={Journal of Fluids and Structures},
  volume={120},
  pages={103897},
  year={2023},
  publisher={Elsevier}
}
@inproceedings{ritter2024collaborative,
  title={Collaborative Pazy Wing Analyses for the Third Aeroelastic Prediction Workshop},
  author={Ritter, Markus and Hilger, Jonathan and Ribeiro, Andr{\'e} and {\"O}ng{\"u}t, Alp Emre and Righi, Marcello and Raveh, Daniella E and Drachinsky, Ariel and Riso, Cristina and Cesnik, Carlos E and Stanford, Bret and others},
  booktitle={AIAA SCITECH 2024 Forum},
  pages={0419},
  year={2024}
}

% touches on continuation, 2 of my refs
@article{bueno2022control,
  title={Control-Surface Structural Nonlinearities in Aeroelasticity: A State of the Art Review},
  author={Bueno, Douglas D and Wayhs-Lopes, Larissa D and Dowell, Earl H},
  journal={AIAA Journal},
  pages={1--13},
  year={2022},
  publisher={American Institute of Aeronautics and Astronautics}
}

% need pdf:
@inproceedings{fonzi2022numerical,
  title={Numerical and experimental investigations on freeplay-based LCO phenomena on a T-Tail model},
  author={Fonzi, Nicola and Ricci, Sergio and Livne, Eli},
  booktitle={AIAA SCITECH 2022 Forum},
  pages={1346},
  year={2022}
}

% this one doesn't show in google scholar yet - too new
@article{riso2022low,
title={Low-Order Geometrically Nonlinear Aeroelastic Modeling and Analysis
of the Pazy Wing Experiment},
  author={Riso, Cristina and Cesnik, Carlos ES},
  booktitle={AIAA SciTech Forum},
  year={2022}
}

@article{riso2021output,
  title={Output-based flutter bifurcation forecasting in nonlinear fluid-structural systems with multiple varying parameters},
  author={Riso, Cristina and Cesnik, Carlos ES and Epureanu, Bogdan I},
  journal={Journal of Fluids and Structures},
  volume={101},
  pages={103201},
  year={2021},
  publisher={Elsevier}
}

@article{meyer2021latent,
  title={Latent Limit Cycle Oscillations},
  author={Meyer, Edward E.},
  journal={AIAA Journal},
  volume={59},
  number={11},
  pages={4800--4804},
  year={2021},
  publisher={American Institute of Aeronautics and Astronautics},
  doi = {doi/abs/10.2514/1.J060464}
}

% I don't have this pdf:
@article{chen2011analysis,
  title={Analysis methods for nonlinear flutter of a two-dimensional airfoil: a review},
  author={Chen, Yan-Mao and Liu, Ji-Ke and Meng, Guang},
  journal={Zhendong yu Chongji(Journal of Vibration and Shock)},
  volume={30},
  number={3},
  pages={129--134},
  year={2011},
  publisher={Editorial Office of Journal of Vibration and Shock,| a 1954 Hua Shan Road| c~…}
}

@inproceedings{wayhs-lopes2021adapted,
  title={An adapted equivalent linearization to predict higher harmonics of LCO in aeroelastic system with freeplay},
  author={Wayhs-Lopes, Larissa D., Dowell, E.H., Cesnik, Carlos E.S., and Bueno, Douglas D.},
  booktitle={Online Symposium on Aeroelasticity, Fluid-Structure Interaction, and Vibration},
  pages={1},
  year={14-15 Oct 2021}
}

@article{zhou2021subcritical,
  title={Subcritical and supercritical nonlinear aeroelastic behavior of a morphing wing with bilinear hinge stiffness},
  author={Zhou, Xinghua and Huang, Rui},
  journal={Communications in Nonlinear Science and Numerical Simulation},
  pages={105946},
  year={2021},
  publisher={Elsevier}
}

@article{tian493nonlinear,
  title={Nonlinear aeroservoelastic analysis of a supersonic aircraft with control fin free-play by component mode synthesis technique},
  author={Tian, Wei and Gu, Yingsong and Liu, Hao and Wang, Xiaochen and Yang, Zhichun and Li, Yueming and Li, Ping},
  journal={Journal of Sound and Vibration},
  volume={493},
  pages={115835},
  publisher={Elsevier}
}

@article{kochenburger1950frequency,
  title={A frequency response method for analyzing and synthesizing contactor servomechanisms},
  author={Kochenburger, Ralph J},
  journal={Transactions of the American Institute of Electrical Engineers},
  volume={69},
  number={1},
  pages={270--284},
  year={1950},
  publisher={IEEE}
}

% LCO with nonlinear aero, linear structure
@article{zhang2016nonlinear,
  title={Nonlinear aerodynamic reduced-order model for limit-cycle oscillation and flutter},
  author={Zhang, Weiwei and Kou, Jiaqing and Wang, Ziyi},
  journal={Aiaa Journal},
  volume={54},
  number={10},
  pages={3304--3311},
  year={2016},
  publisher={American Institute of Aeronautics and Astronautics}
}

% LCO with geometrical nonlinearity
@article{eaton2018numerical,
  title={Numerical continuation of limit cycle oscillations and bifurcations in high-aspect-ratio wings},
  author={Eaton, Andrew J and Howcroft, Chris and Coetzee, Etienne B and Neild, Simon A and Lowenberg, Mark H and Cooper, Jonathan E},
  journal={Aerospace},
  volume={5},
  number={3},
  pages={78},
  year={2018},
  publisher={Multidisciplinary Digital Publishing Institute}
}

@techreport{laurenson1977flutter,
  title={Flutter of Control Surfaces with Structural Nonlinearities},
  author={Laurenson, Robert M and Trn, Robert M},
  year={1977},
  institution={MCDONNELL DOUGLAS ASTRONAUTICS CO ST LOUIS MO}
}

% uses normal form method, claims better results than describing functions
@article{vio2005limit,
  title={Limit cycle oscillation prediction for aeroelastic systems with discrete bilinear stiffness},
  author={Vio, GA and Cooper, JE},
  journal={International Journal of Applied Mathematics and Mechanics},
  volume={3},
  pages={100--119},
  year={2005}
}

@article{rand2005nonlinear,
	title={Lecture Notes on Nonlinear Vibrations},
	author={Rand, Richard H.},
	publisher={Dept. Theoretical and Applied Mechanics, Cornell University}
}

@article{somieski2001eigenvalue,
  title={An eigenvalue method for calculation of stability and limit cycles in nonlinear systems},
  author={Somieski, Gerhard},
  journal={Nonlinear dynamics},
  volume={26},
  number={1},
  pages={3--22},
  year={2001},
  publisher={Springer}
}

@article{wayhs2020influence,
  title={Influence of friction and asymmetric freeplay on the limit cycle oscillation in aeroelastic system: An extended H{\'e}non’s technique to temporal integration},
  author={Wayhs-Lopes, Larissa Drews and Dowell, Earl H and Bueno, Douglas D},
  journal={Journal of Fluids and Structures},
  volume={96},
  pages={103054},
  year={2020},
  publisher={Elsevier}
}

@article{li2010aeroelastic,
  title={Aeroelastic dynamic response and control of an airfoil section with control surface nonlinearities},
  author={Li, Daochun and Guo, Shijun and Xiang, Jinwu},
  journal={Journal of Sound and Vibration},
  volume={329},
  number={22},
  pages={4756--4771},
  year={2010},
  publisher={Elsevier}
}

% I reviewed this for AIAA & pointed out several problems (2019-03-J058526.R2_Proof_hi.pdf)
@article{yu2020nonlinear,
  title={Nonlinear Airfoil Limit Cycle Analysis Using Continuation Method and Filtered Impulse Function},
  author={Yu, Q and Damodaran, M and Khoo, BC},
  journal={AIAA Journal},
  pages={1--16},
  year={2020},
  publisher={American Institute of Aeronautics and Astronautics},
doi = {10.2514/1.J058526}
}
 
@book{krylov1947introduction,
author={Krylov, N.  and  Bogolyubov, N. }, 
title={Introduction to Nonlinear Mechanics }, 
publisher={Princton University Press }, 
address={Princton, NJ }, 
year={1947}
} 

@inproceedings{li2010control,
  title={Control of an aeroelastic system with control surface nonlinearity},
  author={Li, Daochun and Guo, Shijun and Xiang, Jinwu and Matteo, Natalia},
  booktitle={51st AIAA/ASME/ASCE/AHS/ASC Structures, Structural Dynamics, and Materials Conference 18th AIAA/ASME/AHS Adaptive Structures Conference 12th},
  pages={2951},
  year={2010}
}

@article{tang1998limit,
  title={Limit cycle behavior of an airfoil with a control surface},
  author={Tang, Dowell and Dowell, EH and Virgin, LN},
  journal={Journal of Fluids and Structures},
  volume={12},
  number={7},
  pages={839--858},
  year={1998},
  publisher={Elsevier},
  doi={10.1006/jfls.1998.0174}
}

@article{conner1997nonlinear,
  title={Nonlinear behavior of a typical airfoil section with control surface freeplay: a numerical and experimental study},
  author={Conner, MD and Tang, DM and Dowell, EH and Virgin, LN},
  journal={Journal of Fluids and structures},
  volume={11},
  number={1},
  pages={89--109},
  year={1997},
  publisher={Elsevier}
}

% uses LFT to separate linear, nonlinear
@article{danowsky2013nonlinear,
  title={Nonlinear analysis of aeroservoelastic models with free play using describing functions},
  author={Danowsky, Brian and Thompson, Peter M and Kukreja, Sunil},
  journal={Journal of Aircraft},
  volume={50},
  number={2},
  pages={329--336},
  year={2013},
  publisher={American Institute of Aeronautics and Astronautics}
}

% I don't have:
@inproceedings{danowsky2004formulation,
  title={Formulation of an Aircraft Structural Uncertainty Model for Robust Flutter Predictions},
  author={Danowsky, Brian and Chavez, Frank and Brenner, Marty},
  booktitle={45th AIAA/ASME/ASCE/AHS/ASC Structures, Structural Dynamics \& Materials Conference},
  pages={1853},
  year={2004}
}

@article{abdelkefi2012bifurcation,
  title={Bifurcation analysis of an aeroelastic system with concentrated nonlinearities},
  author={Abdelkefi, Abdessattar and Vasconcellos, Rui and Marques, Flavio D and Hajj, Muhammad R},
  journal={Nonlinear Dynamics},
  volume={69},
  number={1-2},
  pages={57--70},
  year={2012},
  publisher={Springer}
}

@article{huang2013nonlinear,
  title={Nonlinear aeroservoelastic analysis of a controlled multiple-actuated-wing model with free-play},
  author={Huang, Rui and Hu, Haiyan and Zhao, Yonghui},
  journal={Journal of Fluids and Structures},
  volume={42},
  pages={245--269},
  year={2013},
  publisher={Elsevier}
}

@article{zhou2005incremental,
  title={Incremental harmonic balance method for predicting amplitudes of a multi-dof non-linear wheel shimmy system with combined Coulomb and quadratic damping},
  author={Zhou, JX and Zhang, L},
  journal={Journal of Sound and Vibration},
  volume={279},
  number={1-2},
  pages={403--416},
  year={2005},
  publisher={Elsevier}
}

@article{cveticanin2009oscillator,
  title={Oscillator with strong quadratic damping force},
  author={Cveti{\'c}anin, Livija},
  journal={Publications de l'Institut Math{\'e}matique},
  volume={85},
  number={99},
  pages={119--130},
  year={2009}
}

% only TOC & intro
@book{nayfeh2008applied,
  title={Applied nonlinear dynamics: analytical, computational and experimental methods},
  author={Nayfeh, Ali H and Balachandran, Balakumar},
  year={2008},
  publisher={John Wiley \& Sons}
}

@article{al2017aeroelastic,
  title={Aeroelastic response and limit cycle oscillations for wing-flap-tab section with freeplay in tab},
  author={Al-Mashhadani, Waleed J and Dowell, Earl H and Wasmi, Hatem R and Al-Asadi, Ali A},
  journal={Journal of Fluids and Structures},
  volume={68},
  pages={403--422},
  year={2017},
  publisher={Elsevier}
}

@article{sazesh2017nonlinear,
  title={Nonlinear aeroelastic analysis of an airfoil with control surface free-play using stochastic approach},
  author={Sazesh, Saeid and Shams, Shahrokh},
  journal={Journal of Fluids and Structures},
  volume={72},
  pages={114--126},
  year={2017},
  publisher={Elsevier}
}

@article{meyer2016continuation,
  title={Continuation Methods for Nonlinear Flutter},
  author={Meyer, Edward E.},
  journal={Aerospace},
  volume={3},
  number={4},
  pages={44},
  year={2016},
  publisher={Multidisciplinary Digital Publishing Institute}
}

@techreport{breitbach1980flutter,
  title={Flutter Analysis of an Airplane with Multiple Structural Nonlinearities in the Control System},
  author={Breitbach, Elmar J},
  institution={NASA},
  address={Langley Research Center, Hampton, VA, USA},
  type={TP},
  number={1620},
  year={1980}
}

@article{shen1959approximate,
  title={An Approximate Analysis of Nonlinear Flutter Problems},
  author={Shen, S. F.},
  journal={Journal of the Aerospace Sciences},
  volume={26},
  number={1},
  year={1959},
  pages={25--32}
}

@article{kholodar2014nature,
  title={Nature of Freeplay-Induced Aeroelastic Oscillations},
  author={Kholodar, Denis B},
  journal={Journal of Aircraft},
  volume={51},
  number={2},
  pages={571--583},
  year={2014},
  publisher={American Institute of Aeronautics and Astronautics}
}

% XXX no electronic copy
@article{gordon2008nonlinear,
  title={Nonlinear Stability Analysis of Control Surface Flutter with Freeplay Effects},
  author={Gordon, James T. and Meyer, Edward E. and Minogue, Robert L.},
  journal={Journal of Aircraft},
  volume={45},
  number={6},
  pages={1904--1916},
  year={2008},
  doi = {10.2514/1.31901}
}

% have hardcopy
@book{gelb1968multiple,
  title={Multiple-Input Describing Functions and Nonlinear System Design},
  author={Gelb, Arthur and Vander Velde, Wallace E},
  year={1968},
  publisher={McGraw-Hill},
  address={New York}
}

@article{epureanu2003compact,
  title={Compact methodology for computing limit-cycle oscillations in aeroelasticity},
  author={Epureanu, Bogdan I and Dowell, Earl H},
  journal={Journal of aircraft},
  volume={40},
  number={5},
  pages={955--963},
  year={2003},
  publisher={[New York, etc.] American Institute of Aeronautics and Astronautics.}
}
@article{lee1999flutter,
  title={Flutter of an airfoil with a cubic restoring force},
  author={Lee, BHK and Jiang, LY and Wong, YS},
  journal={Journal of fluids and structures},
  volume={13},
  number={1},
  pages={75--101},
  year={1999},
  publisher={Elsevier}
}

@book{brogan1982modern,
  title={Modern control theory},
  author={Brogan, William L},
  year={1982},
  publisher={Pearson education india}
}

@article{block1998applied,
  title={Applied active control for a nonlinear aeroelastic structure},
  author={Block, Jeffry J and Strganac, Thomas W},
  journal={Journal of Guidance, Control, and Dynamics},
  volume={21},
  number={6},
  pages={838--845},
  year={1998}
}

@article{liu1992bifurcation,
  title={Bifurcation analysis of airfoils in incompressible flow},
  author={Liu, J-K and Zhao, L-C},
  journal={Journal of Sound and Vibration},
  volume={154},
  number={1},
  pages={117--124},
  year={1992},
  publisher={Elsevier}
}


# electronic copy is not really this book:
@book{mayergoyz2003mathematical,
  title={Mathematical models of hysteresis and their applications},
  author={Mayergoyz, Isaak D},
  year={2003},
  publisher={Academic Press}
}

@article{chung2009bifurcation,
  title={Bifurcation analysis of a two-degree-of-freedom aeroelastic system with hysteresis structural nonlinearity by a perturbation-incremental method},
  author={Chung, Kwok Wai and He, YB and Lee, BHK},
  journal={Journal of Sound and Vibration},
  volume={320},
  number={1},
  pages={163--183},
  year={2009},
  publisher={Elsevier}
}

@article{lee2005airfoil,
  title={Airfoil motion in subsonic flow with strong cubic nonlinear restoring forces},
  author={Lee, BHK and Liu, Liping and Chung, KW},
  journal={Journal of Sound and Vibration},
  volume={281},
  number={3},
  pages={699--717},
  year={2005},
  publisher={Elsevier}
}

@article{dowell2002nonlinear,
  title={Nonlinear aeroelasticity and unsteady aerodynamics},
  author={Dowell, Earl H and Tang, Deman},
  journal={AIAA journal},
  volume={40},
  number={9},
  pages={1697--1707},
  year={2002},
  publisher={AMERICAN INST OF AERONAUTICS AND ASTRONAUTICS}
}

@article{dowell2003nonlinear,
  title={Nonlinear aeroelasticity},
  author={Dowell, Earl and Edwards, John and Strganac, Thomas},
  journal={Journal of aircraft},
  volume={40},
  number={5},
  pages={857--874},
  year={2003}
}

% search for Hopf bifurcation & lco by continuation (AUTO)
@article{dimitriadis2008bifurcation,
  title={Bifurcation analysis of aircraft with structural nonlinearity and freeplay using numerical continuation},
  author={Dimitriadis, Grigorios},
  journal={Journal of Aircraft},
  volume={45},
  number={3},
  pages={893--905},
  year={2008},
  publisher={[New York, etc.] American Institute of Aeronautics and Astronautics.}
}

% have only the first page - get from UW
% also have kholodar2016aircraft.gif: mode animation
@article{kholodar2016aircraft,
  title={Aircraft Control Surface and Store Freeplay-Induced Vibrations in Aeroelastic Stability Envelope},
  author={Kholodar, Denis B},
  journal={Journal of Aircraft},
  volume={53},
  number={5},
  pages={1538--1548},
  year={2016},
  publisher={American Institute of Aeronautics and Astronautics}
}

@article{dimitriadis2008continuation,
  title={Continuation of higher-order harmonic balance solutions for nonlinear aeroelastic systems},
  author={Dimitriadis, Grigorios},
  journal={Journal of aircraft},
  volume={45},
  number={2},
  pages={523--537},
  year={2008},
  publisher={[New York, etc.] American Institute of Aeronautics and Astronautics.}
}
@article{chen2012equivalent,
  title={Equivalent linearization method for the flutter system of an airfoil with multiple nonlinearities},
  author={Chen, FX and Chen, YM and Liu, JK},
  journal={Communications in Nonlinear Science and Numerical Simulation},
  volume={17},
  number={12},
  pages={4529--4535},
  year={2012},
  publisher={Elsevier}
}
@article{henshaw2007non,
  title={Non-linear aeroelastic prediction for aircraft applications},
  author={Henshaw, MJ de C and Badcock, Ken J and Vio, GA and Allen, CB and Chamberlain, J and Kaynes, I and Dimitriadis, Grigorios and Cooper, JE and Woodgate, MA and Rampurawala, Abdul M and others},
  journal={Progress in Aerospace Sciences},
  volume={43},
  number={4},
  pages={65--137},
  year={2007},
  publisher={Elsevier}
}
@article{patil2000nonlinear,
  title={Nonlinear aeroelastic analysis of complete aircraft in subsonic flow},
  author={Patil, Mayuresh J and Hodges, Dewey H and Cesnik, Carlos ES},
  journal={Journal of Aircraft},
  volume={37},
  number={5},
  pages={753--760},
  year={2000},
  publisher={AMERICAN INST OF AERONAUTICS AND ASTRONAUTICS}
}

@article{chen2014nonlinear,
  title={Nonlinear Flutter Analysis for the Scaled F-35 with Horizontal-Tail Free Play},
  author={Chen, PC and Ritz, Erich and Lindsley, Ned},
  journal={Journal of Aircraft},
  volume={51},
  number={3},
  pages={883--889},
  year={2014},
  publisher={American Institute of Aeronautics and Astronautics}
}

@article{lee1997analysis,
  title={Analysis and computation of nonlinear dynamic response of a two-degree-of-freedom system and its application in aeroelasticity},
  author={Lee, BHK and Gong, L and Wong, YS},
  journal={Journal of Fluids and Structures},
  volume={11},
  number={3},
  pages={225--246},
  year={1997},
  publisher={Elsevier}
}

@article{lee1999nonlinear,
  title={Nonlinear aeroelastic analysis of airfoils: bifurcation and chaos},
  author={Lee, BHK and Price, SJ and Wong, YS},
  journal={Progress in aerospace sciences},
  volume={35},
  number={3},
  pages={205--334},
  year={1999},
  publisher={Elsevier}
}

@article{lee1986iterative,
  title={An iterative procedure for nonlinear flutter analysis},
  author={Lee, Craig L},
  journal={AIAA Journal},
  volume={24},
  number={5},
  pages={833--840},
  year={1986},
  doi={10.2514/6.1985-688}
}

@article{johnson2003comparison,
  title={Comparison of static and dynamic neural networks for limit cycle oscillation prediction},
  author={Johnson, Michael R and Denegri, Charles M},
  journal={Journal of aircraft},
  volume={40},
  number={1},
  pages={194--203},
  year={2003},
  publisher={[New York, etc.] American Institute of Aeronautics and Astronautics.}
}

@article{watson2001theory,
  title={Theory of globally convergent probability-one homotopies for nonlinear programming},
  author={Watson, Layne T},
  journal={SIAM Journal on Optimization},
  volume={11},
  number={3},
  pages={761--780},
  year={2001},
  publisher={SIAM}
}

@inproceedings{trickey2002stability,
  title={The stability of limit--cycle oscillations in a nonlinear aeroelastic system},
  author={Trickey, ST and Virgin, LN and Dowell, EH},
  booktitle={Proceedings of the Royal Society of London A: Mathematical, Physical and Engineering Sciences},
  volume={458},
  pages={2203--2226},
  year={2002},
  organization={The Royal Society}
}

@book{liao2012homotopy,
  title={Homotopy analysis method in nonlinear differential equations},
  author={Liao, Shijun},
  year={2012},
  publisher={Springer Science \& Business Media}
}

@article{liao1998application,
  title={Application of homotopy analysis method in nonlinear oscillations},
  author={Liao, Shi-Jun and Chwang, AT},
  journal={Journal of applied mechanics},
  volume={65},
  number={4},
  pages={914--922},
  year={1998},
  publisher={American Society of Mechanical Engineers}
}

@article{chen2008homotopy,
  title={Homotopy analysis method for limit cycle flutter of airfoils},
  author={Chen, YM and Liu, JK},
  journal={Applied Mathematics and Computation},
  volume={203},
  number={2},
  pages={854--863},
  year={2008},
  publisher={Elsevier}
}

@article{strganac2000identification,
  title={Identification and control of limit cycle oscillations in aeroelastic systems},
  author={Strganac, Thomas W and Ko, Jeonghwan and Thompson, David E},
  journal={Journal of Guidance, Control, and Dynamics},
  volume={23},
  number={6},
  pages={1127--1133},
  year={2000}
}

@article{beran2004numerical,
  title={Numerical analysis of store-induced limit-cycle oscillation},
  author={Beran, Philip S and Khot, Narendra S and Eastep, Franklin E and Snyder, Richard D and Zweber, Jeffrey V},
  journal={Journal of Aircraft},
  volume={41},
  number={6},
  pages={1315--1326},
  year={2004}
}

% XXX no electronic copy
@article{teunisse2017reduced,
  title={Reduced basis methods for structurally nonlinear Joined Wings},
  author={Teunisse, Nick and Demasi, Luciano and Tiso, Paolo and Cavallaro, Rauno},
  journal={Aerospace Science and Technology},
  year={2017},
  publisher={Elsevier}
}

@article{shukla2017controlling,
  title={Controlling Limit Cycle Oscillation Amplitudes in Nonlinear Aeroelastic Systems},
  author={Shukla, Himanshu and Patil, Mayuresh J},
  journal={Journal of Aircraft},
  year={2017},
  publisher={American Institute of Aeronautics and Astronautics}
}

@inproceedings{shukla2016control,
  title={Control of Limit Cycle Oscillation Amplitudes in Nonlinear Aerelastic Systems using Nonlinear Normal Modes},
  author={Shukla, Himanshu and Patil, Mayuresh},
  booktitle={AIAA Atmospheric Flight Mechanics Conference},
  pages={2004},
  year={2016}
}

@article{dimitriadis2011complete,
  title={Complete bifurcation behavior of aeroelastic systems with freeplay},
  author={Dimitriadis, Grigorios},
  journal={AIAA},
  volume={2142},
  pages={1--15},
  year={2011}
}

@inproceedings{kiessling1994nonlinear,
  title={Nonlinear Flutter Analysis by a Continuation Method.},
  author={Kiessling, F and Potkanski, W},
  booktitle={2nd International Conference EAHE Engineering Aero-Hyroelasticity},
  pages={221--226},
  address={Pilsen, Czech Republic},
  year={1994},
  class={nl}
}


@article{manetti2009numerical,
  title={Numerical evaluation of limit cycles of aeroelastic systems},
  author={Manetti, Mauro and Quaranta, Giuseppe and Mantegazza, Paolo},
  journal={Journal of Aircraft},
  volume={46},
  number={5},
  pages={1759},
  year={2009}
}

@article{jones2007identification,
  title={Identification of limit cycles for piecewise nonlinear aeroelastic systems},
  author={Jones, DP and Roberts, I and Gaitonde, AL},
  journal={Journal of Fluids and Structures},
  volume={23},
  number={7},
  pages={1012--1028},
  year={2007},
  publisher={Elsevier}
}

@article{price1995aeroelastic,
  title={The aeroelastic response of a two-dimensional airfoil with bilinear and cubic structural nonlinearities},
  author={Price, SJ and Alighanbari, H and Lee, BHK},
  journal={Journal of Fluids and Structures},
  volume={9},
  number={2},
  pages={175--193},
  year={1995},
  publisher={Elsevier}
}

@article{chen2010homotopy,
  title={Homotopy analysis method for limit cycle oscillations of an airfoil with cubic nonlinearities},
  author={Chen, YM and Liu, JK},
  journal={Journal of Vibration and Control},
  volume={16},
  number={2},
  pages={163--179},
  year={2010},
  publisher={SAGE Publications Sage UK: London, England}
}

@article{chen2010relationship,
  title={Relationship between the homotopy analysis method and harmonic balance method},
  author={Chen, YM and Liu, JK and Meng, G},
  journal={Communications in Nonlinear Science and Numerical Simulation},
  volume={15},
  number={8},
  pages={2017--2025},
  year={2010},
  publisher={Elsevier}
}

@article{demasi2015post,
  title={Post-critical analysis of highly deformable Joined Wings: The concept of snap-divergence as a characterization of the instability},
  author={Demasi, Luciano and Cavallaro, Rauno and Bertuccelli, Federica},
  journal={Journal of Fluids and Structures},
  volume={54},
  pages={701--718},
  year={2015},
  publisher={Elsevier}
}

@article{patil2001nonlinear,
  title={Nonlinear aeroelasticity and flight dynamics of high-altitude long-endurance aircraft},
  author={Patil, Mayuresh J and Hodges, Dewey H and Cesnik, Carlos ES},
  journal={Journal of Aircraft},
  volume={38},
  number={1},
  pages={88--94},
  year={2001}
}

@article{brezzi1980finite,
  title={Finite dimensional approximation of nonlinear problems: Part I: Branches of Nonsingular Solutions},
  author={Brezzi, Franco and Rappaz, Jacques and Raviart, Pierre-Arnaud},
  journal={Numerische Mathematik},
  volume={36},
  number={1},
  pages={1--25},
  year={1980},
  publisher={Springer}
}

@article{brezzi1981finite,
  title={Finite dimensional approximation of nonlinear problems: Part II: Limit Points},
  author={Brezzi, Franco and Rappaz, Jacques and Raviart, Pierre-Arnaud},
  journal={Numerische Mathematik},
  volume={37},
  number={1},
  pages={1--28},
  year={1981},
  publisher={Springer}
}

@article{brezzi1981finiteIII,
  title={Finite dimensional approximation of nonlinear problems: Part III: Simple Bifurcation Points},
  author={Brezzi, Franco and Rappaz, Jacques and Raviart, Pierre-Arnaud},
  journal={Numerische Mathematik},
  volume={38},
  number={1},
  pages={1--30},
  year={1981},
  publisher={Springer}
}

@book{seydel1988equilibrium,
  title={From Equilibrium to Chaos},
  author={Seydel, R{\"u}diger},
  year={1988},
  publisher={Elsevier}
}

% nonlinear flutter }

% ------------------------------------------------------------------
% Topic: Topological degree (./degree) {

@article{sikorski1979three,
  title={A three-dimensional analogue to the method of bisections for solving nonlinear equations},
  author={Sikorski, Krzysztof},
  journal={Mathematics of Computation},
  volume={33},
  number={146},
  pages={722--738},
  year={1979}
}

@article{hoenders1983calculation,
  title={On the calculation of the exact number of zeroes of a set of equations},
  author={Hoenders, BJ and Slump, Cornelis H},
  journal={Computing},
  volume={30},
  number={2},
  pages={137--147},
  year={1983},
  publisher={Springer}
}

@article{kavvadias1999locating,
  title={Locating and computing arbitrarily distributed zeros},
  author={Kavvadias, Dimitris J and Makri, FS and Vrahatis, Michael N},
  journal={SIAM Journal on Scientific Computing},
  volume={21},
  number={3},
  pages={954--969},
  year={1999},
  publisher={SIAM}
}

@article{kavvadias1996locating,
  title={Locating and computing all the simple roots and extrema of a function},
  author={Kavvadias, Dimitris J and Vrahatis, Michael N},
  journal={SIAM Journal on Scientific Computing},
  volume={17},
  number={5},
  pages={1232--1248},
  year={1996},
  publisher={SIAM}
}

@article{hoenders1992determination,
  title={On the determination of the number and multiplicity of zeros of a function},
  author={Hoenders, BJ and Slump, Cornelis H},
  journal={Computing},
  volume={47},
  number={3},
  pages={323--336},
  year={1992},
  publisher={Springer}
}

@article{mourrain2002complexity,
  title={On the complexity of isolating real roots and computing with certainty the topological degree},
  author={Mourrain, Bernard and Vrahatis, Michael N and Yakoubsohn, Jean-Claude},
  journal={journal of complexity},
  volume={18},
  number={2},
  pages={612--640},
  year={2002},
  publisher={Elsevier}
}

@article{kearfott1979efficient,
  title={An efficient degree-computation method for a generalized method of bisection},
  author={Kearfott, Baker},
  journal={Numerische Mathematik},
  volume={32},
  number={2},
  pages={109--127},
  year={1979},
  publisher={Springer}
}

@book{amster2013topological,
  title={Topological Methods in the Study of Boundary Value Problems},
  author={Amster, Pablo},
  year={2013},
  publisher={Springer Science \& Business Media}
}

@book{fevckan2008topological,
  title={Topological degree approach to bifurcation problems},
  author={Fe{\v{c}}kan, Michal},
  volume={5},
  year={2008},
  publisher={Springer Science \& Business Media}
}

@article{aberth1994computation,
  title={Computation of topological degree using interval arithmetic, and applications},
  author={Aberth, Oliver},
  journal={Mathematics of Computation},
  volume={62},
  number={205},
  pages={171--178},
  year={1994}
}

@article{picard1892sur,
title={Sur le nombre des racines communes \`{a} plusieurs \'{e}quations simultan\'ees},
author={Picard, E.},
journal={J. Math. Pures Appl.},
volume={$4^e$},
number={s\'{e}rie 8},
pages={5--24},
year={1892}
}

@article{bowyer1981computing,
	author = {Bowyer, A.},
	title = {Computing Dirichlet tessellations*},
	journal = {The Computer Journal},
	volume = {24},
	number = {2},
	pages = {162--166},
	year = {1981},
	publisher={Oxford University Press},
	doi = {10.1093/comjnl/24.2.162},
}

@article{watson1981computing,
  title={Computing the n-dimensional Delaunay tessellation with application to Voronoi polytopes},
  author={Watson, David F},
  journal={The computer journal},
  volume={24},
  number={2},
  pages={167--172},
  year={1981},
  publisher={Oxford University Press},
	doi = {10.1093/comjnl/24.2.167},
}

@Article{harvey1976two,
  author =       "Charles Harvey and Frank Stenger",
    title =        "A two-dimensional analogue to the method of bisections
                  for solving nonlinear equations",
  journal = "Quarterly of Applied Mathematics",
    volume =       "33",
   number =       "4",
  pages =        "351--368",
   year =         "1976",
  CODEN =        "QAMAAY",
    ISSN =         "0033-569X",
   ISSN-L =       "0033-569X",
  bibdate =      "Thu May 10 16:31:10 2007",
    bibsource =    "http://www.math.utah.edu/pub/bibnet/authors/s/stenger-frank.bib",
   acknowledgement = ack-nhfb,
  classmath =    "*65H10 (Systems of nonlinear equations (numerical
                   methods))",
   ZMnumber =     "0365.65032",
}


@article{eiger1984bisection,
  title={A bisection method for systems of nonlinear equations},
  author={Eiger, A and Sikorski, Kris and Stenger, Frank},
  journal={ACM Transactions on Mathematical Software (TOMS)},
  volume={10},
  number={4},
  pages={367--377},
  year={1984},
  publisher={ACM},
    abstract =     "This paper describes an algorithm for the solution of
                  a system of nonlinear equations $F(X) = \theta$, where
                 $theta = (0, \ldots{}, 0)$ is an element of $R^n$, and
                   $F$ is a given continuous transformation of
                  $n$-dimensional simplex $S$ into $R^n (n \geq 2)$. The
                 program is based on computation of the topological
                   degree (deg) of a mapping and a simplex-bisection
                  scheme. The algorithm is primarily useful for small $n$
                 ($n \leq 5$), since the amount of work needed to
                   compute the topological degree for large $n$ is
                  significant. The size of the original simplex is
                 arbitrary, and the algorithm is globally convergent in
                   a residual sense. The algorithm is illustrated on
                  several simplified model problems.",
}

@article{stenger1975computing,
  title={Computing the topological degree of a mapping in $R^n$},
  author={Stenger, Frank},
  journal={Numerische Mathematik},
  volume={25},
  number={1},
  pages={23--38},
  year={1975},
  publisher={Springer}
}

@article{stenger1975algorithm,
  title={An algorithm for the topological degree of a mapping in $ n $-space},
  author={Stenger, Frank and others},
  journal={Bulletin of the American Mathematical Society},
  volume={81},
  number={1},
  pages={179--182},
  year={1975},
  publisher={American Mathematical Society}
}

@article{meyer2015topological,
  title={Topological Degree Applied to Flutter Equations},
  author={Meyer, Edward E},
  journal={AIAA Journal},
  volume={53},
  number={3},
  pages={763--770},
  year={2015},
  publisher={American Institute of Aeronautics and Astronautics},
  doi={10.2514/1.J053455}
}

@incollection{ortega1995some,
  title={Some applications of the topological degree to stability theory},
  author={Ortega, Rafael},
  booktitle={Topological methods in differential equations and inclusions},
  pages={377--409},
  year={1995},
  publisher={Springer}
}

@article{franek2015effective,
  title={Effective topological degree computation based on interval arithmetic},
  author={Franek, Peter and Ratschan, Stefan},
  journal={Mathematics of Computation},
  volume={84},
  number={293},
  pages={1265--1290},
  year={2015}
}

@article{erdelsky1973computing,
  title={Computing the Brouwer degree in R$^2$},
  author={Erdelsky, PJ},
  journal={Mathematics of Computation},
  volume={27},
  number={121},
  pages={133--137},
  year={1973}
}

@book{chang2006methods,
  title={Methods in nonlinear analysis},
  author={Chang, Kung Ching},
  year={2006},
  publisher={Springer Science \& Business Media}
}

% Topological degree (./degree) }

% ------------------------------------------------------------------
% Topic: flutterometer stuff: {

@article{fan1986characterization,
  title={Characterization and efficient computation of the structured singular value},
  author={Fan, M and Tits, A\_},
  journal={IEEE Transactions on Automatic Control},
  volume={31},
  number={8},
  pages={734--743},
  year={1986},
  publisher={IEEE}
}

% flutterometer; see Danowsky ref
@article{dai2014methods,
  title={Methods and advances in the study of aeroelasticity with uncertainties},
  author={Dai, Yuting and Yang, Chao},
  journal={Chinese Journal of Aeronautics},
  volume={27},
  number={3},
  pages={461--474},
  year={2014},
  publisher={Elsevier},
  class={uncert}
}

@article{danowsky2010evaluation,
  title={Evaluation of aeroelastic uncertainty analysis methods},
  author={Danowsky, Brian P and Chrstos, Jeffery R and Klyde, David H and Farhat, Charbel and Brenner, Marty},
  journal={Journal of Aircraft},
  volume={47},
  number={4},
  pages={1266--1273},
  year={2010},
  publisher={American Institute of Aeronautics and Astronautics, The Aerospace Center, 370 L'Enfant Promenade, SW Washington DC 20024 USA}
}

@article{iannelli2017nonlinear,
  title={Nonlinear flutter analysis with uncertainties based on Describing Function with Structured Singular Value with and IQC validation},
  author={Iannelli, Andrea and Marcos, Andres and Lowenberg, Mark},
  journal={Unpublished},
  year={2017}
}

@article{bueno2015flutter,
  title={Flutter analysis including structural uncertainties},
    author={Bueno, Douglas D and G{\'o}es, Luiz CS and Gon{\c{c}}alves, Paulo JP},
   journal={Meccanica},
  volume={50},
    number={8},
   pages={2093--2101},
  year={2015},
    publisher={Springer},
  class={uncert}
 }

@article{borglund2004mu,
  title={The mu-k method for robust flutter solutions},
  author={Borglund, Dan},
  journal={Journal of Aircraft},
  volume={41},
  number={5},
  pages={1209--1216},
  year={2004},
  class={uncert}
}

% paper copy and electronic
@article{borglund2006efficient,
  title={Efficient computation of robust flutter boundaries using the mu-k method},
  author={Borglund, Dan and Ringertz, Ulf},
  journal={Journal of Aircraft},
  volume={43},
  number={6},
  pages={1763--1769},
  year={2006},
  class={uncert}
}

@article{yun2009robust,
  title={Robust flutter analysis of a nonlinear aeroelastic system with parametric uncertainties},
  author={Yun, Haiwei and Han, Jinglong},
  journal={Aerospace Science and Technology},
  volume={13},
  number={2-3},
  pages={139--149},
  year={2009},
  publisher={Elsevier}
}

% flutterometer stuff }

% ------------------------------------------------------------------
% Topic: AD (./AD) {

@misc{autodiff,
key={autodiff},
howpublished="\url{http://www.autodiff.org}"
}
 
@book{rall1981automatic, 
author={ Rall, L.B. }, 
title={ Automatic Differentiation, Techniques and Applications }, 
publisher={ Springer-Verlag }, 
series={ Lecture Notes in Computer Science No. 120 }, 
address={ Berlin }, 
year={ 1981
 }} 
 
@book{hammer1995c++, 
author={ Hammer, R.  and  Hocks, M.  and  Kulisch, U.  and  Ratz, D. }, 
title={ C++ Toolbox for Verified Computing }, 
publisher={ Springer-Verlag }, 
address={ Berlin }, 
year={ 1995
 }} 

@article{naumann2015algorithmic,
  title={Algorithmic differentiation of numerical methods: Tangent and adjoint solvers for parameterized systems of nonlinear equations},
  author={Naumann, Uwe and Lotz, Johannes and Leppkes, Klaus and Towara, Markus},
  journal={ACM Transactions on Mathematical Software (TOMS)},
  volume={41},
  number={4},
  pages={1--21},
  year={2015},
  publisher={ACM New York, NY, USA}
}

@article{giering1998recipes,
  title={Recipes for adjoint code construction},
  author={Giering, Ralf and Kaminski, Thomas},
  journal={ACM Transactions on Mathematical Software (TOMS)},
  volume={24},
  number={4},
  pages={437--474},
  year={1998},
  publisher={ACM New York, NY, USA}
}

@article{aruliah2016algorithm,
  title={Algorithm 956: PAMPAC, a parallel adaptive method for pseudo-arclength continuation},
  author={Aruliah, Dhavide A and Veen, Lennaert Van and Dubitski, Alex},
  journal={ACM Transactions on Mathematical Software (TOMS)},
  volume={42},
  number={1},
  pages={1--18},
  year={2016},
publisher = {Association for Computing Machinery},
address = {New York, NY, USA},
doi = {10.1145/2714570},
}
  
@article{sagebaum2019high,
author = {Sagebaum, Max and Albring, Tim and Gauger, Nicolas R.},
title = {High-Performance Derivative Computations Using CoDiPack},
year = {2019},
issue_date = {December 2019},
publisher = {Association for Computing Machinery},
address = {New York, NY, USA},
volume = {45},
number = {4},
issn = {0098-3500},
doi = {10.1145/3356900},
journal = {ACM Trans. Math. Softw.},
month = dec,
articleno = {Article 38},
numpages = {26},
keywords = {Algorithmic differentiation, maintainable implementation, efficient implementation, recursive data structures, expression templates}
}

@article{thomas2006using,
  title={Using automatic differentiation to create a nonlinear reduced order model of a computational fluid dynamic solver},
  author={Thomas, Jeffrey P and Dowell, Earl H and Hall, Kenneth C},
  journal={AIAA Journal},
  volume={48},
  number={1},
  year={2006},
  publisher={American Institute of Aeronautics and Astronautics},
  doi={10.2514/1.36414}
}
  

% AD }

% ------------------------------------------------------------------
% Topic: misc (./misc) {

@article{turner1956stiffness,
  title={Stiffness and deflection analysis of complex structures},
  author={Turner, M Jon and Clough, Ray W and Martin, Harold C and Topp, LJ},
  journal={journal of the Aeronautical Sciences},
  volume={23},
  number={9},
  pages={805--823},
  year={1956}
}

@article{teukolsky1992numerical,
  title={Numerical recipes in C},
  author={Teukolsky, Saul A and Flannery, Brian P and Press, WH and Vetterling, WT},
  journal={SMR},
  volume={693},
  number={1},
  pages={59--70},
  year={1992}
}

@techreport{gracey1980measurement,
  title={Measurement of aircraft speed and altitude},
  author={Gracey, William},
  institution={NASA Langley Research Center},
  address={Hampton, Va},
  year={1980}
}

@article{gladwell1964branch,
  title={Branch mode analysis of vibrating systems},
  author={Gladwell, G.M.L.},
  journal={Journal of sound and vibration},
  volume={1},
  number={1},
  pages={41--59},
  year={1964},
  publisher={Elsevier}
}

@article{guyan1965reduction,
  title={Reduction of stiffness and mass matrices},
  author={Guyan, Robert J.},
  journal={AIAA journal},
  volume={3},
  number={2},
  pages={380--380},
  year={1965}
}

@article{craig1968coupling, 
author={ Craig, R.R.  and  Bampton, M.C. }, 
title={  Coupling of Substructures for Dynamic Analyses }, 
journal={  AIAA Journal }, 
volume={  6 }, 
number={  7 }, 
pages={  1313-1319 }, 
month={  July }, 
year={  1968
 }}

@article{de2008general,
  title={General framework for dynamic substructuring: history, review and classification of techniques},
  author={De Klerk, Dennis and Rixen, Daniel J and Voormeeren, SN},
  journal={AIAA journal},
  volume={46},
  number={5},
  pages={1169--1181},
  year={2008}
}


@misc{matfile_format,
	title={MATLAB MAT-File Format},
	year={2021},
	publisher={The MathWorks, Inc},
	howpublished="\url{//www.mathworks.com/help/pdf_doc/matlab/matfile_format.pdf}"
}

@book{boisvert1996matrix,
  title={The matrix market exchange formats: Initial design},
  author={Boisvert, Ronald F and Boisvert, Ronald F and Remington, Karin A},
  volume={NISTIR 5935},
  year={1996},
  publisher={US Department of Commerce, National Institute of Standards and Technology}
}

@book{clancy1975aerodynamics,
	title={Aerodynamics},
	author={Clancy, L.J.},
	year={1975},
	publisher={Halsted Press}
}

@article{jaworski2020aeroacoustics,
  title={Aeroacoustics of silent owl flight},
  author={Jaworski, Justin W and Peake, Nigel},
  journal={Annual Review of Fluid Mechanics},
  volume={52},
  pages={395--420},
  year={2020},
  publisher={Annual Reviews}
}
 
@misc{ECMAScript,
key={ECMA},
howpublished="\url{http://www.ecma-international.org/publications/standards/Ecma-262.htm}"
}

@inproceedings{roger1977airplane, 
author={ Roger, K.L. }, 
title={  Airplane Math Modeling Methods for Active Control Design }, 
booktitle={Proceedings of the 44th Meeting of the AGARD Structures and Material Panel}, 
organization={AGARD CP-228}, 
month={April}, 
year={1977}, 
pages={4.1-4.11}
} 
 
 
@book{gilly1992unix, 
author={ Gilly, D. }, 
title={ UNIX in a Nutshell }, 
publisher={ O'Reilly and Associates }, 
address={ Sebastopol, CA }, 
year={ 1992
 }} 

@book{abrahams1992unix, 
author={ Abrahams, P.W.  and  Larson, B.R. }, 
title={ UNIX for the Impatient }, 
publisher={ Addison-Wesley }, 
address={ New York }, 
year={ 1992
 }} 
 
@book{kernighan1984unix, 
author={ Kernighan, B.W.  and  Pike, R. }, 
title={  The UNIX Programming Environment }, 
publisher={  Prentice-Hall, Inc }, 
address={  Englewood Cliffs, NJ 07632 }, 
year={  1984
 }} 
 
@book{rosenblatt1993learning, 
author={ Rosenblatt, Bill }, 
title={  ``Learning the Korn Shell'' }, 
publisher={  O'Reilly and Associates }, 
address={  Sebastopol, CA }, 
year={  1993 }, 
id={  ISBN 1-56592-054-6
 }} 

@techreport{united1976us,
  title={US Standard Atmosphere, 1976},
  author={Wexler, Harry and Teweles, Sidney and Dubin, Maurice},
  institution={NOAA, NASA and USAF},
  series={NOAA S/T},
  number={76-1562},
  year={1976},
  publisher={National Oceanic and Atmospheric Administration}
}

@book{stephenson1999beginning,
  title={In the beginning... was the command line},
  author={Stephenson, Neal},
  year={1999},
  publisher={Avon Books New York}
}

@techreport{handbook2002specifications,
  title={Specifications, Tolerances, and Other Technical Requirements for Weighing and Measuring Devices},
  key={NIST},
  institution={NIST, Gaithersburg, MD},
  volume={20899},
  year={2002}
}

@book{williams2009c++,
  title={C++ Concurrency in Action: Practical Multithreading (Paperback)},
  author={Williams, Anthony},
  year={2009},
  publisher={Manning Publications}
}

@article{drmavc2017algorithm,
  title={Algorithm 977: A QR--Preconditioned QR SVD Method for Computing the SVD with High Accuracy},
  author={Drma{\v{c}}, Zlatko},
  journal={ACM Transactions on Mathematical Software (TOMS)},
  volume={44},
  number={1},
  pages={1--30},
  year={2017},
publisher = {Association for Computing Machinery},
address = {New York, NY, USA},
doi = {10.1145/3061709},
}

@book{vandevoorde2002c++,
  title={C++ Templates},
  author={Vandevoorde, David and Josuttis, Nicolai M},
  year={2002},
  publisher={Addison-Wesley Longman Publishing Co., Inc.}
}

@book{stevens2008advanced,
  title={Advanced programming in the UNIX environment},
  author={Stevens, W Richard and Rago, Stephen A},
  year={2008},
  publisher={Addison-Wesley}
}

% the figures in this paper are mostly blank in the electronic copy:
@article{lui1997homotopy,
  title={Homotopy method for the large, sparse, real nonsymmetric eigenvalue problem},
  author={Lui, S.H. and Keller, H.B. and Kwok, T.W.C.},
  journal={SIAM Journal on Matrix Analysis and Applications},
  volume={18},
  number={2},
  pages={312--333},
  year={1997},
  publisher={SIAM}
}

@misc{qrupdate,
author={Hajek, Jaroslav},
howpublished="\url{https://sourceforge.net/projects/qrupdate/}",
year={2009}
}

% url = {https://doi.org/10.1145/98267.98291},
@article{reichel1990algorithm,
author = {Reichel, L. and Gragg, W. B.},
title = {Algorithm 686: FORTRAN Subroutines for Updating the QR Decomposition},
year = {1990},
issue_date = {Dec. 1990},
publisher = {Association for Computing Machinery},
address = {New York, NY, USA},
volume = {16},
number = {4},
issn = {0098-3500},
doi = {10.1145/98267.98291},
journal = {ACM Trans. Math. Softw.},
month = dec,
pages = {369–377},
numpages = {9}
}

@misc{qrdeterminant,
author={Langou, Julien},
howpublished="\url{http://icl.cs.utk.edu/lapack-forum/viewtopic.php?f=2&t=1741}",
year={2010},
month={Feb},
day={6}
}
 
@misc{matrixmarket, 
key={matrix},
howpublished="\url{http://www.nist.gov/MatrixMarket}", 
title={ Matrix Market Website }, 
year={ 2007
 }} 
 
@misc{UniversalFile, 
key={universal},
howpublished="\url{http://ceas3.uc.edu/sdrluff}", 
title={ Universal File Formats for Modal Analysis Testing }, 
year={ 2007
 }} 

@techreport{hammarling2008updating,
  title={Updating the QR factorization and the least squares problem},
  author={Hammarling, Sven and Lucas, Craig},
  year={2008},
  institution={Manchester Institute for Mathematical Sciences},
  address={The University of Manchester},
  type={TP},
  number={2008.111}
}

% no doi
@book{golub2013matrix,
  title={Matrix Computations},
  author={Golub, Gene H and Van Loan, Charles F},
  year={2013},
  edition={Fourth},
  publisher={The Johns Hopkins University Press},
  address={Baltimore}
}

@article{goldberg1991every,
  title={What every computer scientist should know about floating-point arithmetic},
  author={Goldberg, David},
  journal={ACM Computing Surveys (CSUR)},
  volume={23},
  number={1},
  pages={5--48},
  year={1991},
  publisher={ACM}
}

@article{rabinowitz1973some,
  title={Some aspects of nonlinear eigenvalue problems},
  author={Rabinowitz, Paul H},
  journal={Rocky Mountain J. Math},
  volume={3},
  number={2},
  year={1973}
}

@article{bader2007performance,
  title={On the performance of tensor methods for solving ill-conditioned problems},
  author={Bader, Brett W and Schnabel, Robert B},
  journal={SIAM Journal on Scientific Computing},
  volume={29},
  number={6},
  pages={2329--2351},
  year={2007},
  publisher={SIAM}
}

@article{chow1978finding,
  title={Finding zeroes of maps: homotopy methods that are constructive with probability one},
  author={Chow, Shui Nee and Mallet-Paret, John and Yorke, James A},
  journal={Mathematics of Computation},
  volume={32},
  number={143},
  pages={887--899},
  year={1978}
}

@book{strang1976linear,
  title={Linear algebra and its applications},
  author={Strang, Gilbert},
  year={1976},
  publisher={Academic Press},
  address={New York}
}

% XXX replace this...
@book{rodden2009msc,
  title={MSC/NASTRAN Handbook for Aeroelastic Analysis},
  author={Rodden, William P},
  pages={357-372},
  publisher={The MacNeal-Schwendler Corporation},
  address={Santa Ana, California},
  year={2009}
}

% XXX ... with this
@book{nastran2019aeroelastic,
  title={Aeroelastic Analysis User's Guide},
  author={Nastran, MSC},
  pages={357-372},
  publisher={The MacNeal-Schwendler Corporation},
  address={Santa Ana, California},
  year={2019}
}

@article{ruhe1973algorithms,
  title={Algorithms for the Nonlinear Eigenvalue Problem},
  author={Ruhe, Axel},
  journal={SIAM Journal on Numerical Analysis},
  volume={10},
  number={4},
  pages={674--689},
  year={1973},
  publisher={SIAM}
}

@book{anderson1999lapack,
  title={LAPACK Users' Guide},
  author={Anderson, Edward and Bai, Zhaojun and Bischof, Christian and Blackford, Susan and Dongarra, Jack and Du Croz, Jeremy and Greenbaum, Anne and Hammarling, Sven and McKenney, A and Sorensen, D},
  edition={3rd},
  year={1999},
  publisher={Siam},
  url={http://netlib.org/lapack}
}
% lapack reference taken from netlib.org/lapack/faq.html
@BOOK{laug,
      AUTHOR = {Anderson, E. and Bai, Z. and Bischof, C. and
                Blackford, S. and Demmel, J. and Dongarra, J. and
                Du Croz, J. and Greenbaum, A. and Hammarling, S. and
                McKenney, A. and Sorensen, D.},
      TITLE = {{LAPACK} Users' Guide},
      EDITION = {Third},
      PUBLISHER = {Society for Industrial and Applied Mathematics},
      YEAR = {1999},
      ADDRESS = {Philadelphia, PA},
      ISBN = {0-89871-447-8 (paperback)} }

@book{griewank2008evaluating,
  title={Evaluating Derivatives: Principles and Techniques of Algorithmic Differentiation},
  author={Griewank, Andreas and Walther, Andrea},
  year={2008},
  edition={second},
  publisher={Society for Industrial and Applied Mathematics},
  address={Philadelphia}
}

@misc{doedel2014lecture,
  title={Lecture notes on numerical analysis of bifurcation problems},
  author={Doedel, Eusebius J},
  year={2014}
}

% with 2 evaluations of the jacobian at each iteration you can get
% cubic convergence. If factorization is the most expensive part maybe
% this would be quicker
@article{noor2009some,
  title={Some iterative methods for solving a system of nonlinear equations},
  author={Noor, Muhammad Aslam and Waseem, Muhammad},
  journal={Computers \& Mathematics with Applications},
  volume={57},
  number={1},
  pages={101--106},
  year={2009},
  publisher={Elsevier}
}

% multiple jacobian evaluations and inversions - probably not cost-effective
@article{nedzhibov2008family,
  title={A family of multi-point iterative methods for solving systems of nonlinear equations},
  author={Nedzhibov, Gyurhan H},
  journal={Journal of Computational and Applied Mathematics},
  volume={222},
  number={2},
  pages={244--250},
  year={2008},
  publisher={Elsevier}
}

